@book{Erd06,
  author = {Erdmann, Karin and Wildon, Mark},
  title = {Introduction to Lie Algebras},
  publisher = {Springer London},
  year = {2006},
  isbn = {978-1-84628-040-5},
  pagetotal = {251},
  edition = {1},
  doi = {10.1007/1-84628-490-2},
}

@book{Ful91,
  author = {Fulton, William and Harris, Joe},
  title = {Representation Theory},
  subtitle = {A First Course},
  publisher = {Springer New York},
  year = {1991},
  isbn = {978-0-3879-7527-6},
  lccn = {96-165313},
  pagetotal = {551},
  edition = {6},
  doi = {10.1007/978-1-4612-0979-9},
}

@article{Jos00,
  author = {Anthony Joseph and Gail Letzter and Shmuel Zelikson},
  title = {On the Brylinski-Kostant filtration},
  journal = {Journal of the American Mathematical Society},
  shortjournal = {J. Amer. Math. Soc.},
  year = {2000},
  number = {13},
  pages = {945--970},
  doi = {10.1090/S0894-0347-00-00347-7},
}

@misc{Kam22,
  title = {Perfect bases in representation theory: three mountains and their springs},
  author = {Joel Kamnitzer},
  year = {2022},
  eprint = {2201.02289},
  archivePrefix = {arXiv},
  primaryClass = {math.RT},
}

@article{Sa06,
  author = {Omri Sarig},
  title = {Continuous Phase Transistions for Dynamical Systems},
  year = {2006},
  journal = {Communications in Mathematical Physics},
  shortjournal = {Commun. Math. Phys.},
  number = {267},
  pages = {631-667},
  doi = {10.1007/s00220-006-0072-7}
}

@misc{NeRa2004,
      title={Kostka-Foulkes polynomials and Macdonald spherical functions}, 
      author={Kendra Nelsen and Arun Ram},
      year={2004},
      eprint={math/0401298},
      archivePrefix={arXiv},
      primaryClass={math.RT}
}

@misc{Dau14,
  author = {Zajj Daugherty},
  title = {Notes for 128},
  subtitle = {Combinatorial Representation Theory of Complex Lie Algebras and Related Topics},
  year = {2014},
  pagetotal = {74},
  institution = {Dartmouth College},
}
